@BOOK{KAR00,
  title = {Brownian Motion and Stochastic Calculus},
  publisher = {Springer},
  year = {2000},
  author = {Ioannis Karatzas. and Steven E. Shreve},
  address = {Berlin},
  edition = {2nd},
  added-at = {2009-03-03T17:19:04.000+0100},
  biburl = {http://www.bibsonomy.org/bibtex/2efd586067c62cfd524368a2caa3ff70e/bronckobuster},
  interhash = {2d18584226b8fde7d4e5154309f4268c},
  intrahash = {efd586067c62cfd524368a2caa3ff70e},
  keywords = {imported},
  nota = {gst:},
  timestamp = {2009-03-03T17:19:04.000+0100}
}

@BOOK{Pro1990,
  title = {Stochastic Integration and Differential Equations},
  publisher = {Springer},
  year = {1990},
  author = {Protter, Philip},
  added-at = {2008-03-07T17:14:08.000+0100},
  biburl = {http://www.bibsonomy.org/bibtex/2d68435e7d88e42c06a1ee6143a2f0c25/alex},
  interhash = {770eb527cd5c3a7649b952496b8e3aa6},
  intrahash = {d68435e7d88e42c06a1ee6143a2f0c25},
  keywords = {integration stochastics stochastik},
  timestamp = {2008-03-07T17:14:08.000+0100}
}

@BOOK{GVK25295551X,
  title = {Continuous martingales and Brownian motion},
  publisher = {Springer},
  year = {1999},
  author = {Revuz, {Daniel} and Yor, {Marc}},
  number = {293},
  series = {Grundlehren der mathematischen Wissenschaften},
  address = {Berlin [u.a.]},
  edition = {3. ed},
  added-at = {2009-08-21T11:04:17.000+0200},
  biburl = {http://www.bibsonomy.org/bibtex/23311a243311e26aface17433292a5e30/fbw_hannover},
  interhash = {8bf02539150574460aa1e3b15ca0a9c4},
  intrahash = {3311a243311e26aface17433292a5e30},
  isbn = {3540643257},
  keywords = {Brownsche_Bewegung Martingal Mathematische_Methoden_der_Physik Stochastische_Analysis
	Thermodynamik Wahrscheinlichkeitsrechnung statistische_Physik},
  pagetotal = {XIII, 602},
  ppn_gvk = {25295551X},
  timestamp = {2009-08-21T11:04:17.000+0200},
  url = {http://gso.gbv.de/DB=2.1/CMD?ACT=SRCHA&SRT=YOP&IKT=1016&TRM=ppn+25295551X&sourceid=fbw_bibsonomy}
}

@misc{DB_ranking,
    title = {Ranking of DB-engines by Popularity},
    howpublished  = "\url{https://db-engines.com/en/ranking}"
}

@book{kg-book,
  author = {Hogan, Aidan and Blomqvist, Eva and Cochez, Michael and
d'Amato, Claudia and de Melo, Gerard and Guti\'errez, Claudio and
Kirrane, Sabrina and Labra Gayo, Jos\'e Emilio and Navigli, Roberto and
Neumaier, Sebastian and Ngonga Ngomo, Axel-Cyrille and Polleres, Axel and
Rashid, Sabbir M. and Rula, Anisa and Schmelzeisen, Lukas and
Sequeda, Juan F. and Staab, Steffen and Zimmermann, Antoine},
  doi = {10.2200/S01125ED1V01Y202109DSK022},
  isbn = {9783031007903},
  language = {English},
  number = {22},
  numpages = {237},
  publisher = {Springer},
  series = {Synthesis Lectures on Data, Semantics, and Knowledge},
  title = {{K}nowledge {G}raphs},
  url = {https://kgbook.org/},
  year = {2021}
}

@misc{Goasduff_2021, 
    title={Gartner survey}, 
    howpublished  = "\url{https://www.gartner.com/en/newsroom/press-releases/2021-03-16-gartner-identifies-top-10-data-and-analytics-technologies-trends-for-2021}", 
    journal={Gartner}, 
    author={Goasduff, Laurence}, 
    year={2021}, 
    month={Mar}
} 

@article{DBLP:journals/tgis/ParkC23,
  author       = {Seula Park and
                  Tao Cheng},
  title        = {Framework for constructing multimodal transport networks and routing
                  using a graph database: {A} case study in London},
  journal      = {Trans. {GIS}},
  volume       = {27},
  number       = {5},
  pages        = {1391--1417},
  year         = {2023},
  howpublished  = "\url{https://doi.org/10.1111/tgis.13071}",
  doi          = {10.1111/TGIS.13071},
  timestamp    = {Sun, 12 Nov 2023 02:19:28 +0100},
  biburl       = {https://dblp.org/rec/journals/tgis/ParkC23.bib},
  bibsource    = {dblp computer science bibliography, https://dblp.org}
}



@inproceedings{aryono2016modelling,
  title={Modelling social media semi-structured data with graph database},
  author={Aryono, Teddy},
  booktitle={Proceedings of international conference ICONIET},
  pages={1--7},
  year={2016}
}

@misc{surdoc,
  title = {PÃ¡gina web SURDOC},
  howpublished  = "\url{https://www.surdoc.cl/}",
  urldate = {2024-04-24}
}


@misc{rdf,
  title = {RDF 1.1 Concepts and Abstract Syntax},
  howpublished  = "\url{https://www.w3.org/TR/rdf11-concepts/}",
  urldate = {2024-04-24}
}

@article{vrgovcmillenniumdb,
  title={MillenniumDB: A multi-modal, multi-model graph database engine},
  author={Vrgo{\v{c}}, Domagoj and Rojas, Carlos and Angles, Renzo and Arenas, Marcelo and Calisto, Vicente and Far{\'\i}as, Benjam{\'\i}n and Ferrada, Sebasti{\'a}n and Heuer, Tristan and Hogan, Aidan and Navarro, Gonzalo and others}
}

@ARTICLE{9216015,
  author={Guo, Qingyu and Zhuang, Fuzhen and Qin, Chuan and Zhu, Hengshu and Xie, Xing and Xiong, Hui and He, Qing},
  journal={IEEE Transactions on Knowledge and Data Engineering}, 
  title={A Survey on Knowledge Graph-Based Recommender Systems}, 
  year={2022},
  volume={34},
  number={8},
  pages={3549-3568},
  keywords={Recommender systems;Motion pictures;Feature extraction;Avatars;Machine learning;Electronic mail;Blood;Knowledge graph;recommender system;explainable recommendation},
  doi={10.1109/TKDE.2020.3028705}}

@misc{pg_format,
  title = {PG formats documentation},
  howpublished  = "\url{https://pg-format.readthedocs.io/en/0.3/contents/pg-format.html}",
  urldate = {2024-07-09}
}

@misc{gql,
  title = {GQL Standard},
  howpublished  = "\url{https://www.gqlstandards.org/}",
  urldate = {2024-07-09}
}